@MISC{svd_pic,
  AUTHOR = {Wasnik, Abhishek},
  TITLE  = {Singular Value Decomposition (SVD) in Python},
  YEAR   = {2020},
  URL    = {https://www.askpython.com/python/examples/singular-value-decomposition},
  note = {Accessed on 2023-02-12},
}

@MISC{people_watching,
  AUTHOR = {Eadf, Feed},
  TITLE  = {5 Reasons Why Football is the Most Popular Sport},
  YEAR   = {2022},
  URL    = {https://www.elartedf.com/5-reasons-why-football-is-the-most-popular-sport/},
  note = {Accessed on 2023-02-12},
}

@MISC{worldcup,
  AUTHOR = {Feargal, Brennan},
  TITLE  = {How many people watch a World Cup final? Record global audience set to tune in for 2022 via TV and streaming},
  YEAR   = {2022},
  URL    = {https://www.sportingnews.com/uk/soccer/news/world-cup-final-watch-audience-record-tv-stream-2022/cs0lbgjcehr7ld8jqqb1mwpj},
  note = {Accessed on 2023-02-12},
}

@MISC{leagues,
  AUTHOR = {{Football History}},
  TITLE  = {Football leagues},
  YEAR   = {2023},
  URL    = {https://www.footballhistory.org/league/index.html},
  note = {Accessed on 2023-02-12},
}


@MISC{football_data,
  AUTHOR = {{Football Data}},
  TITLE  = {Data Files},
  YEAR   = {2023},
  URL    = {https://www.football-data.co.uk/englandm.php},
  note = {Accessed on 2023-03-18},
}

@MISC{fifa,
  AUTHOR = {{FIFA Index}},
  TITLE  = {Team Sats database},
  YEAR   = {2023},
  URL    = {https://www.fifaindex.com/teams/},
  note = {Accessed on 2023-03-18},
}

@MISC{mf_impl,
  AUTHOR = {Albert, Au Yeung},
  TITLE  = {Matrix Factorization: A Simple Tutorial and Implementation in Python},
  YEAR   = {2017},
  URL    = {https://albertauyeung.github.io/2017/04/23/python-matrix-factorization.html/##source-code},
  note = {Accessed on 2023-03-24},
}

@MISC{history,
  AUTHOR = {{Football History}},
  TITLE  = {Football history},
  YEAR   = {2023},
  URL    = {https://www.footballhistory.org/},
  note = {Accessed on 2023-02-12},
}

@MISC{pyten,
  AUTHOR = {Song, Qingquan and Ge, Hancheng and Caverlee, James and Hu, Xia},
  TITLE  = {PyTen},
  YEAR   = {2019},
  URL    = {https://github.com/datamllab/pyten},
  note = {Accessed on 2023-03-07},
}

@MISC{sports,
  AUTHOR = {Veroutsos, Eleni},
  TITLE  = {The Most Popular Sports In The World},
  YEAR   = {2021},
  URL    = {https://www.worldatlas.com/articles/what-are-the-most-popular-sports-in-the-world.html},
  note = {Accessed on 2023-02-12},
}

@MISC{tucker_decomp,
  AUTHOR = {Gossmann, Alexej},
  TITLE  = {Understanding the Tucker decomposition, and compressing tensor-valued data (with R code)},
  YEAR   = {2017},
  URL    = {https://www.alexejgossmann.com/tensor_decomposition_tucker/},
  note = {Accessed on 2023-03-07},
}

@MISC{cp_decomp,
  AUTHOR = {Vervliet, Nico},
  TITLE  = {Canonical polyadic decomposition},
  YEAR   = {2017},
  URL    = {https://www.tensorlab.net/doc/cpd.html},
  note = {Accessed on 2023-03-10},
}

@article{cp_als,
  title={Accelerating jackknife resampling for the Canonical Polyadic Decomposition},
  author={Psarras, Christos and Karlsson, Lars and Bro, Rasmus and Bientinesi, Paolo},
  journal={Frontiers in Applied Mathematics and Statistics},
  pages={24},
  year={2022},
  publisher={Frontiers}
}

@MISC{cp_decomp_pic,
  AUTHOR = {Andersen, Ang},
  TITLE  = {Canonical Polyadic Decomposition
Basic notations},
  YEAR   = {2020},
  URL    = {https://angms.science/doc/tensor/CPD.pdf},
  note = {Accessed on 2023-03-10},
}

@MISC{tucker_decomp_pic,
  AUTHOR = {Zhang, Kaiqi},
  TITLE  = {Tucker Tensor Decomposition on FPGA},
  YEAR   = {2019},
  URL    = {https://deepai.org/publication/tucker-tensor-decomposition-on-fpga},
  accessed = {2023-03-07},
  note = {Accessed on 2023-03-07},
}

@MISC{rules,
  title={Football Rules and Regulations},
  author={Howzat},
  year={2023},
  URL = {https://www.howzat.com/football/football-rules-and-regulations.html},
  note = {Accessed on 2023-02-12},
}

@MISC{nn_pic,
  title={Multi-Layer Perceptron Learning in Tensorflow},
  author={GeeksforGeeks},
  year={2021},
  URL = {https://www.geeksforgeeks.org/multi-layer-perceptron-learning-in-tensorflow/},
  note = {Accessed on 2023-02-26},
}

@book{football_roots,
  title={The association game: A history of British football},
  author={Taylor, Matthew},
  year={2013},
  publisher={Routledge}
}

@article{ml_review,
  title={The use of machine learning in sport outcome prediction: A review},
  author={Horvat, Tomislav and Job, Josip},
  journal={Wiley Interdisciplinary Reviews: Data Mining and Knowledge Discovery},
  volume={10},
  number={5},
  pages={e1380},
  year={2020},
  publisher={Wiley Online Library}
}

@article{football_prediction,
  title={A machine learning framework for sport result prediction},
  author={Bunker, Rory P and Thabtah, Fadi},
  journal={Applied computing and informatics},
  volume={15},
  number={1},
  pages={27--33},
  year={2019},
  publisher={Elsevier}
}

@article{NFL_first_study,
  title={Neural network quarterbacking},
  author={Purucker, Michael C},
  journal={Ieee Potentials},
  volume={15},
  number={3},
  pages={9--15},
  year={1996},
  publisher={IEEE}
}

@inproceedings{NN_more_sports,
  title={Artificial intelligence in sports prediction},
  author={McCabe, Alan and Trevathan, Jarrod},
  booktitle={Fifth International Conference on Information Technology: New Generations (itng 2008)},
  pages={1194--1197},
  year={2008},
  organization={IEEE}
}

@article{Football_Bayesian_network,
  title={Football result prediction with Bayesian network in Spanish League-Barcelona team},
  author={Owramipur, Farzin and Eskandarian, Parinaz and Mozneb, Faezeh Sadat},
  journal={International Journal of Computer Theory and Engineering},
  volume={5},
  number={5},
  pages={812},
  year={2013},
  publisher={IACSIT Press}
}

@article{BPL_ANN_logistic_regression,
  title={An improved prediction system for football a match result},
  author={Igiri, Chinwe Peace and Nwachukwu, Enoch Okechukwu},
  year={2014},
  journal={Journal of Engineering}
}

@article{NBA_convolution,
  title={Exploiting sports-betting market using machine learning},
  author={Hub{\'a}{\v{c}}ek, Ond{\v{r}}ej and {\v{S}}ourek, Gustav and {\v{Z}}elezn{\`y}, Filip},
  journal={International Journal of Forecasting},
  volume={35},
  number={2},
  pages={783--796},
  year={2019},
  publisher={Elsevier}
}

@article{Dutch_football,
  title={Predicting the Dutch football competition using public data: A machine learning approach},
  author={Tax, Niek and Joustra, Yme},
  journal={Transactions on knowledge and data engineering},
  volume={10},
  number={10},
  pages={1--13},
  year={2015}
}

@phdthesis{NBA_matrix_factorization,
  title={Predicting NBA games with matrix factorization},
  author={Tran, Tuan},
  year={2016},
  school={Massachusetts Institute of Technology}
}

@inproceedings{BPL_logistic_regression,
  title={Predicting football match results with logistic regression},
  author={Prasetio, Darwin and others},
  booktitle={2016 International Conference On Advanced Informatics: Concepts, Theory And Application (ICAICTA)},
  pages={1--5},
  year={2016},
  organization={IEEE}
}

@article{MLB_regression,
  title={Predicting the outcomes of MLB games with a machine learning approach},
  author={Elfrink, Tim},
  journal={Vrije Universiteit Amsterdam},
  year={2018}
}

@inproceedings{basketball_knn,
  title={Prediction of Euroleague games based on supervised classification algorithm k-nearest neighbours},
  author={Horvat, Tomislav and Job, Josip and Medved, Vladimir},
  booktitle={6th International Congress on Support Sciences Research and Technology Support},
  volume={20},
  pages={21},
  year={2018}
}

@article{football_players,
  title={Machine learning in football betting: Prediction of match results based on player characteristics},
  author={St{\"u}binger, Johannes and Mangold, Benedikt and Knoll, Julian},
  journal={Applied Sciences},
  volume={10},
  number={1},
  pages={46},
  year={2019},
  publisher={MDPI}
}

@article{snr,
  title={Predicting NBA games using neural networks},
  author={Loeffelholz, Bernard and Bednar, Earl and Bauer, Kenneth W},
  journal={Journal of Quantitative Analysis in Sports},
  volume={5},
  number={1},
  year={2009},
  publisher={De Gruyter}
}

@article{cfs,
  title={Analyzing basketball games by a support vector machines with decision tree model},
  author={Pai, Ping-Feng and ChangLiao, Lan-Hung and Lin, Kuo-Ping},
  journal={Neural Computing and Applications},
  volume={28},
  pages={4159--4167},
  year={2017},
  publisher={Springer}
}

@inproceedings{tncp,
  title={Factor matrix trace norm minimization for low-rank tensor completion},
  author={Liu, Yuanyuan and Shang, Fanhua and Cheng, Hong and Cheng, James and Tong, Hanghang},
  booktitle={Proceedings of the 2014 SIAM International Conference on Data Mining},
  pages={866--874},
  year={2014},
  organization={SIAM}
}

@article{tncp_rank_model,
  title={Tensor completion for estimating missing values in visual data},
  author={Liu, Ji and Musialski, Przemyslaw and Wonka, Peter and Ye, Jieping},
  journal={IEEE transactions on pattern analysis and machine intelligence},
  volume={35},
  number={1},
  pages={208--220},
  year={2012},
  publisher={IEEE}
}

@article{silrtc,
  title={Tensor completion for estimating missing values in visual data},
  author={Liu, Ji and Musialski, Przemyslaw and Wonka, Peter and Ye, Jieping},
  journal={IEEE transactions on pattern analysis and machine intelligence},
  volume={35},
  number={1},
  pages={208--220},
  year={2012},
  publisher={IEEE}
}

@book{svd,
  title={Analysis and Linear Algebra: The Singular Value Decomposition and Applications},
  author={Bisgard, J.},
  isbn={9781470463328},
  lccn={2020055011},
  series={Student Mathematical Library},
  url={https://books.google.cz/books?id=b0wnEAAAQBAJ},
  year={2020},
  publisher={American Mathematical Society}
}

@book{lr,
  title={Practical Guide to Logistic Regression},
  author={Hilbe, J.M.},
  isbn={9781498709583},
  url={https://books.google.cz/books?id=4M8dCgAAQBAJ},
  year={2016},
  publisher={CRC Press}
}


@article{nb,
  title={Bayes’ theorem and naive Bayes classifier},
  author={Berrar, Daniel},
  journal={Encyclopedia of Bioinformatics and Computational Biology: ABC of Bioinformatics},
  volume={403},
  pages={412},
  year={2018},
  publisher={Elsevier Science Publisher Amsterdam, The Netherlands}
}

@book{nn,
  title={Deep Learning},
  author={Goodfellow, I. and Bengio, Y. and Courville, A.},
  isbn={9780262035613},
  lccn={2016022992},
  series={Adaptive Computation and Machine Learning series},
  url={https://books.google.cz/books?id=Np9SDQAAQBAJ},
  year={2016},
  publisher={MIT Press}
}


@book{pca,
  title={Principal Component Analysis},
  author={Jolliffe, I.T.},
  isbn={9781475719048},
  lccn={85027882},
  series={Springer Series in Statistics},
  url={https://books.google.cz/books?id=-ongBwAAQBAJ},
  year={2013},
  publisher={Springer New York}
}


@book{mf,
  title={Matrix and Tensor Factorization Techniques for Recommender Systems},
  author={Symeonidis, P. and Zioupos, A.},
  isbn={9783319413570},
  series={SpringerBriefs in Computer Science},
  url={https://books.google.cz/books?id=qbkHDgAAQBAJ},
  year={2017},
  publisher={Springer International Publishing}
}
